% 29315213 
@Article{pmid29315213,
   Author="Chishima, T.  and Iwakiri, J.  and Hamada, M. ",
   Title="{{I}dentification of {T}ransposable {E}lements {C}ontributing to {T}issue-{S}pecific {E}xpression of {L}ong {N}on-{C}oding {R}{N}{A}s}",
   Journal="Genes (Basel)",
   Year="2018",
   Volume="9",
   Number="1",
   Month="Jan"
}

% 29040374 
@Article{pmid29040374,
   Author="Takeda, T.  and Hamada, M.",
   Title="{{B}eyond similarity assessment: selecting the optimal model for sequence alignment via the {F}actorized {A}symptotic {B}ayesian algorithm}",
   Journal="Bioinformatics",
   Year="2018",
   Volume="34",
   Number="4",
   Pages="576--584",
   Month="02"
}

@BOOK{倉島201211, 
title={論理が伝わる 世界標準の「書く技術」 (ブルーバックス)},
author={倉島 保美},
publisher={講談社},
year={2012},
month={11},
isbn={9784062577939},
url={http://amazon.co.jp/o/ASIN/4062577933/},
totalpages={232},
timestamp={2018.12.07},
}

@BOOK{木下198109, 
title={理科系の作文技術 (中公新書 (624))},
author={木下 是雄},
publisher={中央公論新社},
year={1981},
month={9},
isbn={9784121006240},
url={http://amazon.co.jp/o/ASIN/4121006240/},
totalpages={244},
timestamp={2018.12.07},
}